@PhdThesis{li2005,
  author = 	 {Xiang Li},
  title = 	 {Parallel Feature Combination},
  school = 	 {Carnegie Mellon University},
  year = 	 2005
}

@PhdThesis{mangu1999,
  author = 	 {Achieving Consensus in Speech Recognition},
  title = 	 {Lidia Mangu},
  school = 	 {Johns Hopkins University},
  year = 	 1999
}

