This file was created with JabRef 2.2.
Encoding: ISO8859_1

@INPROCEEDINGS{,
  author = {Sebastian Schaffert and Diana Bischof and Tobias Buerger and Andreas
	Gruber and Wolf Hilzensauer and Sandra Schaffert},
  title = {Learning with Semantic Wikis},
  booktitle = {SemWiki 06},
  year = {2006},
  address = {Budva, Montenegr},
  month = {June},
  owner = {dhuggins},
  pdf = {Schaffert06_SemWikiLearning.pdf},
  timestamp = {2007.09.17}
}

@comment{jabref-meta: selector_publisher:}

@comment{jabref-meta: selector_author:}

@comment{jabref-meta: selector_journal:}

@comment{jabref-meta: selector_keywords:}

@comment{jabref-meta: pdfDirectory:/home/dhuggins/Projects/PhD/vpia;}


